@article{Viloria-2006,
  author = {Viloria-Lanero, A. and Carde√±oso-Payo, V.},
  year = {2006},
  title = {Integration of skin segmentation methods using ANNs}
}

@book{Minsky-1969,
    title={Perceptrons: an introduction to computational geometry},
    author={Marvin Minsky and Seymour A. Papert},
    publisher={MIT Press},
    year={1969}
}

@book{Goodfellow-et-al-2016,
    title={Deep Learning},
    author={Ian Goodfellow and Yoshua Bengio and Aaron Courville},
    publisher={MIT Press},
    note={\url{http://www.deeplearningbook.org}},
    year={2016}
}

@article{JMLR:v15:srivastava14a,
  author  = {Nitish Srivastava and Geoffrey Hinton and Alex Krizhevsky and Ilya Sutskever and Ruslan Salakhutdinov},
  title   = {Dropout: A Simple Way to Prevent Neural Networks from Overfitting},
  journal = {Journal of Machine Learning Research},
  year    = {2014},
  volume  = {15},
  pages   = {1929-1958},
  url     = {http://jmlr.org/papers/v15/srivastava14a.html}
}

@article{2014arXiv1412.6980K,
       author = {{Kingma}, Diederik P. and {Ba}, Jimmy},
        title = "{Adam: A Method for Stochastic Optimization}",
      journal = {arXiv e-prints},
     keywords = {Computer Science - Machine Learning},
         year = 2014,
        month = dec,
          eid = {arXiv:1412.6980},
        pages = {arXiv:1412.6980},
archivePrefix = {arXiv},
       eprint = {1412.6980},
 primaryClass = {cs.LG},
       adsurl = {https://ui.adsabs.harvard.edu/abs/2014arXiv1412.6980K},
      adsnote = {Provided by the SAO/NASA Astrophysics Data System}
}

@ARTICLE{2016A&C....17....1H,
       author = {{Hartman}, J.~D. and {Bakos}, G. {\'A}.},
        title = "{VARTOOLS: A program for analyzing astronomical time-series data}",
      journal = {Astronomy and Computing},
     keywords = {Methods: data analysis, Methods: statistical, Time, Techniques: photometric, Astrophysics - Instrumentation and Methods for Astrophysics},
         year = 2016,
        month = oct,
       volume = {17},
        pages = {1-72},
          doi = {10.1016/j.ascom.2016.05.006},
archivePrefix = {arXiv},
       eprint = {1605.06811},
 primaryClass = {astro-ph.IM},
       adsurl = {https://ui.adsabs.harvard.edu/abs/2016A&C....17....1H},
      adsnote = {Provided by the SAO/NASA Astrophysics Data System}
}

@ARTICLE{2019A&A...623A..39H,
       author = {{Hippke}, Michael and {Heller}, Ren{\'e}},
        title = "{Optimized transit detection algorithm to search for periodic transits of small planets}",
     keywords = {eclipses, methods: data analysis, planets and satellites: detection, planets and satellites: individual: TRAPPIST-1, methods: statistical, Astrophysics - Earth and Planetary Astrophysics, Astrophysics - Instrumentation and Methods for Astrophysics},
         year = 2019,
        month = mar,
       volume = {623},
          eid = {A39},
        pages = {A39},
          doi = {10.1051/0004-6361/201834672},
archivePrefix = {arXiv},
       eprint = {1901.02015},
 primaryClass = {astro-ph.EP},
       adsurl = {https://ui.adsabs.harvard.edu/abs/2019A&A...623A..39H},
      adsnote = {Provided by the SAO/NASA Astrophysics Data System}
}

@misc{TransitoExoplaneta,
  title = {Light Curve of a Planet Transiting Its Star},
  howpublished = {\url{https://exoplanets.nasa.gov/resources/280/light-curve-of-a-planet-transiting-its-star/}},
  note = {Accessed: 28/08/2020}
}