@misc{Mikulski-Archive,
  title = {K2 mission},
  howpublished = {\url{https://archive.stsci.edu/k2/}},
  note = {Accessed: 21/05/2020}
}